% 物联网可靠性：现状与未来展望
@article{Xing-1,
  author  = {Xing, Liudong},
  title   = {Reliability in Internet of Things: Current Status and Future Perspectives},
  journal = {IEEE INTERNET OF THINGS JOURNAL},
  volume  = {7},
  number  = {8},
  pages   = {6704-6721},
  doi     = {10.1109/JIOT.2020.2993216},
  note    = {2020-08-01
             Review},
  year    = {2020}
}



% 工业4.0时代及以后车辆边缘计算的任务卸载：一个高层次的观点
@article{TalebkhahSali-2,
  author  = {Talebkhah, Marieh and Sali, Aduwati and Khodamoradi, Vahid and Khodadadi, Touraj and Gordan, Meisam},
  title   = {Task offloading for edge-IoV networks in the industry 4.0 era and beyond: A high-level view},
  journal = {ENGINEERING SCIENCE AND TECHNOLOGY-AN INTERNATIONAL JOURNAL-JESTECH},
  volume  = {54},
  doi     = {10.1016/j.jestch.2024.101699},
  note    = {2024-06-15
             Review},
  year    = {2024}
}



%  车辆网络计算卸载综述
@article{WaheedShah-3,
  author  = {Waheed, Abdul and Shah, Munam Ali and Mohsin, Syed Muhammad and Khan, Abid and Maple, Carsten and Aslam, Sheraz and Shamshirband, Shahab},
  title   = {A Comprehensive Review of Computing Paradigms, Enabling Computation Offloading and Task Execution in Vehicular Networks},
  journal = {IEEE ACCESS},
  volume  = {10},
  pages   = {3580-3600},
  doi     = {10.1109/ACCESS.2021.3138219},
  note    = {2022-01-19
             Review},
  year    = {2022}
}



% 车辆线性相关任务 缓存与卸载
@article{L.Z.-4,
  author  = {L., Liu and Z., Chen},
  title   = {Joint Optimization of Multiuser Computation Offloading and Wireless-Caching Resource Allocation With Linearly Related Requests in Vehicular Edge Computing System},
  journal = {IEEE Internet of Things Journal},
  volume  = {11},
  number  = {1},
  pages   = {1534-1547},
  doi     = {10.1109/JIOT.2023.3289994},
  note    = {IEEE Internet of Things Journal},
  year    = {2024}
}


   
@article{LiuChen-5,
  author   = {Liu, L. and Chen, C. and Pei, Q. Q. and Maharjan, S. and Zhang, Y.},
  title    = {Vehicular Edge Computing and Networking: A Survey},
  journal  = {MOBILE NETWORKS \& APPLICATIONS},
  volume   = {26},
  number   = {3},
  pages    = {1145-1168},
  doi      = {10.1007/s11036-020-01624-1},
  note     = {Times Cited in Web of Science Core Collection:  292 Total Times Cited:  312 Cited Reference Count:  142 ER  -},
  keywords = {Vehicular Ad Hoc network; Mobile edge computing; Vehicular edge computing; Computation offloading; Caching; SOFTWARE-DEFINED NETWORKING; AD-HOC NETWORKS; BIG-DATA; DATA DISSEMINATION; CELLULAR NETWORKS; CONTENT DELIVERY; RADIO ACCESS; EFFICIENT; VEHICLES; PRIVACY},
  year     = {2021}
}




@article{WuWang-6,
  author   = {Wu, H. H. and Wang, B. B. and Ma, H. H. and Zhang, X. H. and Xing, L.},
  title    = {Multiagent Federated Deep-Reinforcement-Learning-Based Collaborative Caching Strategy for Vehicular Edge Networks},
  journal  = {IEEE INTERNET OF THINGS JOURNAL},
  volume   = {11},
  number   = {14},
  pages    = {25198-25212},
  doi      = {10.1109/JIOT.2024.3392329},
  note     = {Times Cited in Web of Science Core Collection:  1 Total Times Cited:  1 Cited Reference Count:  37 ER  -},
  keywords = {Collaboration; Federated learning; Servers; Task analysis; Prediction algorithms; Delays; Vehicular ad hoc networks; Competitive deep Q-learning; federated learning; recurrent neural network (RNN); vehiclular edge caching; VEHICLES; DELIVERY},
  year     = {2024}
}




@article{M.S.-7,
  author  = {M., LiWang and S., Hosseinalipour and Z., Gao and Y., Tang and L., Huang and H., Dai},
  title   = {Allocation of Computation-Intensive Graph Jobs Over Vehicular Clouds in IoV},
  journal = {IEEE Internet of Things Journal},
  volume  = {7},
  number  = {1},
  pages   = {311-324},
  doi     = {10.1109/JIOT.2019.2949602},
  note    = {IEEE Internet of Things Journal},
  year    = {2020}
}




@article{ShiCao-8,
  author  = {Shi, W. S. and Cao, J. and Zhang, Q. and Li, YHZ and Xu, L. Y.},
  title   = {Edge Computing: Vision and Challenges},
  journal = {IEEE INTERNET OF THINGS JOURNAL},
  volume  = {3},
  number  = {5},
  pages   = {637-646},
  doi     = {10.1109/JIOT.2016.2579198},
  note    = {Times Cited in Web of Science Core Collection:  3812 Total Times Cited:  4048 Cited Reference Count:  32 ER  -},
  year    = {2016}
}




@article{ChenBhargava-9,
  author  = {Chen, C. L. and Bhargava, B. and Aggarwal, V. and Tonshal, B. and Gopal, A.},
  title   = {A Hybrid Deep Reinforcement Learning Approach for Jointly Optimizing Offloading and Resource Management in Vehicular Networks},
  journal = {IEEE TRANSACTIONS ON VEHICULAR TECHNOLOGY},
  volume  = {73},
  number  = {2},
  pages   = {2456-2467},
  doi     = {10.1109/TVT.2023.3312340},
  note    = {Times Cited in Web of Science Core Collection:  0 Total Times Cited:  0 Cited Reference Count:  30 ER  -},
  year    = {2024}
}




@article{KongDuan-10,
  author  = {Kong, X. J. and Duan, G. H. and Hou, M. L. and Shen, G. J. and Wang, H. and Yan, X. R. and Collotta, M.},
  title   = {Deep Reinforcement Learning-Based Energy-Efficient Edge Computing for Internet of Vehicles},
  journal = {IEEE TRANSACTIONS ON INDUSTRIAL INFORMATICS},
  volume  = {18},
  number  = {9},
  pages   = {6308-6316},
  doi     = {10.1109/TII.2022.3155162},
  note    = {Times Cited in Web of Science Core Collection:  64 Total Times Cited:  65 Cited Reference Count:  30 ER  -},
  year    = {2022}
}




@article{YuGong-11,
  author  = {Yu, Shuai and Gong, Xiaowen and Shi, Qian and Wang, Xiaofei and Chen, Xu},
  title   = {EC-SAGINs: Edge-Computing-Enhanced Space-Air-Ground-Integrated Networks for Internet of Vehicles},
  journal = {IEEE internet of things journal},
  volume  = {9},
  number  = {8},
  pages   = {5742-5754},
  doi     = {10.1109/JIOT.2021.3052542},
  note    = {Journal Article
             http://www.syndetics.com/index.aspx?isbn=/sc.gif\& issn=2327-4662\& client=summontrial},
  year    = {2022}
}




@article{MaoYou-12,
  author   = {Mao, Y. Y. and You, C. S. and Zhang, J. and Huang, K. B. and Letaief, K. B.},
  title    = {A Survey on Mobile Edge Computing: The Communication Perspective},
  journal  = {IEEE COMMUNICATIONS SURVEYS AND TUTORIALS},
  volume   = {19},
  number   = {4},
  pages    = {2322-2358},
  doi      = {10.1109/COMST.2017.2745201},
  note     = {Times Cited in Web of Science Core Collection:  2049 Total Times Cited:  2083 Cited Reference Count:  237 ER  -},
  keywords = {Mobile edge computing; fog computing; mobile cloud computing; computation offloading; resource management; green computing; TO-DEVICE COMMUNICATION; RESOURCE-ALLOCATION; SERVICE MIGRATION; CELLULAR NETWORKS; CLOUD; COMPUTATION; MANAGEMENT; RADIO; OPTIMIZATION; ARCHITECTURE},
  year     = {2017}
}



@article{Reiss-MirzaeiGhobaei-Arani-13,
  author  = {Reiss-Mirzaei, Mohammad and Ghobaei-Arani, Mostafa and Esmaeili, Leila},
  title   = {A review on the edge caching mechanisms in the mobile edge computing: A social-aware perspective},
  journal = {INTERNET OF THINGS},
  volume  = {22},
  doi     = {10.1016/j.iot.2023.100690},
  note    = {2023-09-02
             Review},
  year    = {2023}
}




@article{KhanMustafa-14,
  author  = {Khan, Yasar and Mustafa, Saad and Ahmad, Raja Wasim and Maqsood, Tahir and Rehman, Faisal and Ali, Javid and Rodrigues, Joel J. P. C.},
  title   = {Content caching in mobile edge computing: a survey},
  journal = {CLUSTER COMPUTING-THE JOURNAL OF NETWORKS SOFTWARE TOOLS AND APPLICATIONS},
  volume  = {27},
  number  = {7},
  pages   = {8817-8864},
  doi     = {10.1007/s10586-024-04459-7},
  note    = {2024-05-30
             Review},
  year    = {2024}
}


@article{WuFan-15,
  author  = {Wu, Honghai and Fan, Yizheng and Jin, Jichong and Ma, Huahong and Xing, Ling},
  title   = {Social-Aware Decentralized Cooperative Caching for Internet of Vehicles},
  journal = {IEEE INTERNET OF THINGS JOURNAL},
  volume  = {10},
  number  = {16},
  pages   = {14834-14845},
  doi     = {10.1109/JIOT.2022.3229009},
  note    = {2023-08-26
             Article},
  year    = {2023}
}




@article{WuWang-16,
  author  = {Wu, Honghai and Wang, Baibing and Ma, Huahong and Zhang, Xiaohui and Xing, Ling},
  title   = {Multiagent Federated Deep-Reinforcement-Learning-Based Collaborative Caching Strategy for Vehicular Edge Networks},
  journal = {IEEE INTERNET OF THINGS JOURNAL},
  volume  = {11},
  number  = {14},
  pages   = {25198-25212},
  doi     = {10.1109/JIOT.2024.3392329},
  note    = {2024-07-28
             Article},
  year    = {2024}
}



@article{YanLi-17,
  author  = {Yan, Hanzhi and Li, Hanwen and Xu, Xiaolong and Bilal, Muhammad},
  title   = {UAV-Enhanced Service Caching for IoT Systems in Extreme Environments},
  journal = {IEEE INTERNET OF THINGS JOURNAL},
  volume  = {11},
  number  = {16},
  pages   = {26741-26750},
  doi     = {10.1109/JIOT.2023.3288200},
  note    = {2024-08-23
             Article},
  year    = {2024}
}




@article{XueLiu-18,
  author   = {Xue, Z. and Liu, C. and Liao, C. L. and Han, G. J. and Sheng, Z. G.},
  title    = {Joint Service Caching and Computation Offloading Scheme Based on Deep Reinforcement Learning in Vehicular Edge Computing Systems},
  journal  = {IEEE TRANSACTIONS ON VEHICULAR TECHNOLOGY},
  volume   = {72},
  number   = {5},
  pages    = {6709-6722},
  doi      = {10.1109/TVT.2023.3234336},
  note     = {Times Cited in Web of Science Core Collection:  22 Total Times Cited:  22 Cited Reference Count:  41 ER  -},
  keywords = {Task analysis; Servers; Delays; Vehicle dynamics; Optimization; Edge computing; Resource management; Vehicular edge computing; service caching; computation offloading; deep reinforcement learning; RESOURCE-ALLOCATION; EFFICIENT},
  year     = {2023}
}




@misc{RenChen-19,
  author = {Ren, Xueqi and Chen, Xin and Jiao, Libo and Dai, Xin and Dong, Zhe and IEEE},
  title  = {Joint Optimization of Trajectory, Caching and Task Offloading for Multi-Tier UAV MEC Networks},
  month  = {2024-01-01},
  note   = {2024-09-21 ER  -
            Proceedings Paper},
  year   = {2024}
}




@article{LiuYang-20,
  author  = {Liu, Yinan and Yang, Chao and Chen, Xin and Wu, Fengyan},
  title   = {Joint Hybrid Caching and Replacement Scheme for UAV-Assisted Vehicular Edge Computing Networks},
  journal = {IEEE TRANSACTIONS ON INTELLIGENT VEHICLES},
  volume  = {9},
  number  = {1},
  pages   = {866-878},
  doi     = {10.1109/TIV.2023.3323217},
  note    = {2024-06-21
             Article},
  year    = {2024}
}




@article{LingZhang-21,
  author  = {Ling, Chen and Zhang, Weizhe and Fan, Qingyang and Feng, Zebang and Wang, Jiayin and Yadav, Rahul and Wang, Desheng},
  title   = {Cooperative Service Caching in Vehicular Edge Computing Networks Based on Transportation Correlation Analysis},
  journal = {IEEE INTERNET OF THINGS JOURNAL},
  volume  = {11},
  number  = {12},
  pages   = {22754-22767},
  doi     = {10.1109/JIOT.2024.3382723},
  note    = {2024-06-27
             Article},
  year    = {2024}
}



@misc{DavidGuy-22,
  author    = {David, Silver and Guy, Lever and Nicolas, Heess and Thomas, Degris and Daan, Wierstra and Martin, Riedmiller},
  title     = {Deterministic Policy Gradient Algorithms},
  publisher = {PMLR},
  volume    = {32},
  number    = {pmlr-v32-silver14},
  pages     = {387-395},
  year      = {}
}

@article{Raeisi-VarzanehDakkak-23,
  author   = {Raeisi-Varzaneh, M. and Dakkak, O. and Habbal, A. and Kim, B. S.},
  title    = {Resource Scheduling in Edge Computing: Architecture, Taxonomy, Open Issues and Future Research Directions},
  journal  = {IEEE ACCESS},
  volume   = {11},
  pages    = {25329-25350},
  doi      = {10.1109/ACCESS.2023.3256522},
  note     = {Times Cited in Web of Science Core Collection:  33 Total Times Cited:  33 Cited Reference Count:  186 ER  -},
  keywords = {Task analysis; Processor scheduling; Edge computing; Cloud computing; Job shop scheduling; Resource management; Computational modeling; resource scheduling; task offloading; fairness; load balancing; COMPUTATION OFFLOADING METHOD; OPTIMAL TASK ASSIGNMENT; MOBILE; ALLOCATION; EFFICIENT; INTERNET; NETWORKS; MAXIMIZATION; MANAGEMENT; PLACEMENT},
  year     = {2023}
}
   
    
   
   
@article{LinHuang-24,
  author  = {Lin, Jie and Huang, Lin and Zhang, Hanlin and Yang, Xinyu and Zhao, Peng},
  title   = {A Novel Lyapunov based Dynamic Resource Allocation for UAVs-assisted Edge Computing},
  journal = {COMPUTER NETWORKS},
  volume  = {205},
  doi     = {10.1016/j.comnet.2021.108710},
  note    = {2022-04-27
             Article},
  year    = {2022}
}
         
   
@article{ZhangXia-25,
  author  = {Zhang, R. and Xia, H. and Chen, Z. J. and Kang, Z. and Wang, K. and Gao, W.},
  title   = {Computation Cost-Driven Offloading Strategy Based on Reinforcement Learning for Consumer Devices},
  journal = {IEEE TRANSACTIONS ON CONSUMER ELECTRONICS},
  volume  = {70},
  number  = {1},
  pages   = {4120-4131},
  doi     = {10.1109/TCE.2024.3357459},
  year    = {2024}
}




@article{ZengWang-26,
  author  = {Zeng, C. and Wang, X. W. and Zeng, R. F. and Li, Y. and Shi, J. Z. and Huang, M.},
  title   = {Joint optimization of multi-dimensional resource allocation and task offloading for QoE enhancement in Cloud-Edge-End collaboration},
  journal = {FUTURE GENERATION COMPUTER SYSTEMS-THE INTERNATIONAL JOURNAL OF ESCIENCE},
  volume  = {155},
  pages   = {121-131},
  doi     = {10.1016/j.future.2024.01.025},
  year    = {2024}
}




@article{XieFang-27,
  author  = {Xie, R. T. and Fang, J. H. and Yao, J. M. and Jia, X. H. and Wu, K. S.},
  title   = {Sharing-Aware Task Offloading of Remote Rendering for Interactive Applications in Mobile Edge Computing},
  journal = {IEEE TRANSACTIONS ON CLOUD COMPUTING},
  volume  = {11},
  number  = {1},
  pages   = {997-1010},
  doi     = {10.1109/TCC.2021.3127345},
  year    = {2023}
}




@article{TangWong-28,
  author  = {Tang, M. and Wong, VWS},
  title   = {Deep Reinforcement Learning for Task Offloading in Mobile Edge Computing Systems},
  journal = {IEEE TRANSACTIONS ON MOBILE COMPUTING},
  volume  = {21},
  number  = {6},
  pages   = {1985-1997},
  doi     = {10.1109/TMC.2020.3036871},
  year    = {2022}
}
   
@article{L-29,
  author   = {L., Zhang and Y., Sun and Z., Chen and S., Roy},
  title    = {Communications-Caching-Computing Resource Allocation for Bidirectional Data Computation in Mobile Edge Networks},
  journal  = {IEEE Transactions on Communications},
  volume   = {69},
  number   = {3},
  pages    = {1496-1509},
  doi      = {10.1109/TCOMM.2020.3041343},
  note     = {IEEE Transactions on Communications},
  keywords = {Task analysis; Mobile handsets; Servers; Computational modeling; Bandwidth; Data models; Internet; Bidirectional data computation; mobile edge computing; wireless caching; bandwidth minimization},
  year     = {2021}
}


@article{BounairaAlioua-30,
  author  = {Bounaira, Soumaya and Alioua, Ahmed and Souici, Ismahane},
  title   = {Blockchain-enabled trust management for secure content caching in mobile edge computing using deep reinforcement learning},
  journal = {INTERNET OF THINGS},
  volume  = {25},
  doi     = {10.1016/j.iot.2024.101081},
  note    = {2024-03-26
             Article},
  year    = {2024}
}
   
   
   
   
   @article{ZhouChen-31,
  author  = {Zhou, Jingwen and Chen, Feifei and He, Qiang and Xia, Xiaoyu and Wang, Rui and Xiang, Yong},
  title   = {Data Caching Optimization With Fairness in Mobile Edge Computing},
  journal = {IEEE TRANSACTIONS ON SERVICES COMPUTING},
  volume  = {16},
  number  = {3},
  pages   = {1750-1762},
  doi     = {10.1109/TSC.2022.3197881},
  note    = {2023-07-27
             Article},
  year    = {2023}
}
   
   
   
   
   @misc{MaoHe-32,
  author = {Mao, Yinan and He, Bowei and Zhou, Shiji and Ma, Chen and Wang, Zhi and IEEE},
  title  = {Collaborative Edge Caching: a Meta Reinforcement Learning Approach with Edge Sampling},
  pages  = {972-977},
  month  = {2023-01-01},
  note   = {2023-11-05 ER  -
            Proceedings Paper},
  isbn   = {1945-7871},
  year   = {2023}
}
   
   
   
   
   @misc{ZhaoNakhai-33,
  author = {Zhao, Ming and Nakhai, Mohammad Reza and IEEE},
  title  = {Deep Reinforcement Learning Based Two-phase Proactive Caching for Collaborative Edge Networks},
  month  = {2024-01-01},
  note   = {2024-09-21 ER  -
            Proceedings Paper},
  isbn   = {1525-3511},
  year   = {2024}
}
   

@article{WuJin-34,
  author  = {Wu, Honghai and Jin, Jichong and Ma, Huahong and Xing, Ling},
  title   = {Federation-Based Deep Reinforcement Learning Cooperative Cache in Vehicular Edge Networks},
  journal = {IEEE INTERNET OF THINGS JOURNAL},
  volume  = {11},
  number  = {2},
  pages   = {2550-2560},
  doi     = {10.1109/JIOT.2023.3292374},
  note    = {2024-03-12
             Article},
  year    = {2024}
}


@article{YuWu-35,
  author  = {Yu, Genghua and Wu, Jian and Liu, Rui and He, Yixin and Chen, Zhigang and Pan, Jianping},
  title   = {Joint Cooperative Caching and UAV Trajectory Optimization Based on Mobility Prediction in the Internet of Connected Vehicles},
  journal = {IEEE TRANSACTIONS ON INTELLIGENT TRANSPORTATION SYSTEMS},
  volume  = {25},
  number  = {11},
  pages   = {17392-17406},
  doi     = {10.1109/TITS.2024.3429305},
  note    = {2024-08-22
             Article},
  year    = {2024}
}


@article{ChengZhai-36,
  author  = {Cheng, Chen and Zhai, Linbo and Zhu, Xiumin and Jia, Yujuan and Li, Yumei},
  title   = {Dynamic task offloading and service caching based on game theory in vehicular edge computing networks},
  journal = {COMPUTER COMMUNICATIONS},
  volume  = {224},
  pages   = {29-41},
  doi     = {10.1016/j.comcom.2024.05.020},
  note    = {2024-06-25
             Article},
  year    = {2024}
}




@article{ZhuTian-37,
  author  = {Zhu, Sifeng and Tian, Xiaohua and Chen, Hao and Zhu, Hai and Qiao, Rui},
  title   = {Edge collaborative caching solution based on improved NSGA II algorithm in Internet of Vehicles},
  journal = {COMPUTER NETWORKS},
  volume  = {244},
  doi     = {10.1016/j.comnet.2024.110307},
  note    = {2024-05-19
             Article},
  year    = {2024}
}


@article{JJWu,
  author  = {J., Wu and J., Wang and Q., Chen and Z., Yuan and P., Zhou and X., Wang and C., Fu},
  title   = {Resource Allocation for Delay-Sensitive Vehicle-to-Multi-Edges (V2Es) Communications in Vehicular Networks: A Multi-Agent Deep Reinforcement Learning Approach},
  journal = {IEEE Transactions on Network Science and Engineering},
  volume  = {8},
  number  = {2},
  pages   = {1873-1886},
  doi     = {10.1109/TNSE.2021.3075530},
  note    = {IEEE Transactions on Network Science and Engineering},
  year    = {2021}
}

@article{SB,
   Author = {S., Bi and L., Huang and Y., J. A. Zhang},
   Title = {Joint Optimization of Service Caching Placement and Computation Offloading in Mobile Edge Computing Systems},
   Journal = {IEEE Transactions on Wireless Communications},
   Volume = {19},
   Number = {7},
   Pages = {4947-4963},
   DOI = {10.1109/TWC.2020.2988386},
   Note = {IEEE Transactions on Wireless Communications},
   Keywords = {Task analysis; Servers; Delays; Wireless communication; Resource management; Energy consumption; Optimization; Mobile edge computing; service caching; computation offloading; resource allocation},
   Year = {2020} }


  @article{GZ,
  Author = {G., Zhang and S., Zhang and W., Zhang and Z., Shen and L., Wang},
  Title = {Joint Service Caching, Computation Offloading and Resource Allocation in Mobile Edge Computing Systems},
  Journal = {IEEE Transactions on Wireless Communications},
  Volume = {20},
  Number = {8},
  Pages = {5288-5300},
  DOI = {10.1109/TWC.2021.3066650},
  Note = {IEEE Transactions on Wireless Communications},
  Keywords = {Task analysis; Resource management; Servers; Quality of experience; Delays; Computational modeling; Approximation algorithms; Mobile edge computing; service caching; computation offloading; resource allocation; computation cost; delay cost},
  Year = {2021} }

  @article{Tiwari,
    Author = {A., Tiwari and H., E. Z. Farag},
    Title = {Responsible AI Framework for Autonomous Vehicles: Addressing Bias and Fairness Risks},
    Journal = {IEEE Access},
    Volume = {13},
    Pages = {58800-58822},
    DOI = {10.1109/ACCESS.2025.3556781},
    Note = {IEEE Access},
    Year = {2025} }


    
@misc{Tang,
  Author = {Tang, Chaogang and Ding, Yao and Xiao, Shuo and Wu, Huaming and Li, Ruidong},
  Title = {Joint Optimization of Service Caching Task Offloading and Resource Allocation in Cloud-Edge Cooperative Network},
  Pages = {4036-4041},
  Month = {2024-01-01},
  Note = {2025-02-27 ER  -
Proceedings Paper},
  ISBN = {1550-3607},
  Year = {2024} }


 